@Article{Einstein,
  author =       "Albert Einstein",
  title =        "{Zur Elektrodynamik bewegter K{\"o}rper}. ({German})
                 [{On} the electrodynamics of moving bodies]",
  journal =      "Annalen der Physik",
  volume =       "322",
  number =       "10",
  pages =        "891--921",
  year =         "1905",
  DOI =          "http://dx.doi.org/10.1002/andp.19053221004"
} 

@Article{Sarah,
  author =       "Sarah Sabbagh",
  title =        "XOR message encryption based on jpeg perturbed quantization steganography",
  journal =     "University of Geneva",
  year =         "2017"
}

@Article{AlterNet,
  author =       "AlterNet",
  title =          "\texttt{http://www.alternet.org/story/11986/}"
} 


@Article{CryptoLaw,
  author =       "Crypto Law Survey",
  title =          "\texttt{http://www.cryptolaw.org/}",
  year =       " 2017-09-04"
} 

@Article{Fridrich,
  author =       "Jessica Fridrich, M. Goljan, P. Lisonek, and D. Soukal",
  title =        "Writing on Wet Paper ",
  journal =      "IEEE Transaction on Signal Processing",
  volume =       "53",
  number =       "10",
  pages =        "3923--3935",
  year =         "October 2005"
} 

@Article{Fridrich1,
  author =       "Jessica Fridrich",
  title =        "Steganography in Digital Media: Principles,     Algorithms, and Applications",
  journal =      "Cambridge University Press, NY, USA",
  year =         "2009"
} 

@Article{Cachin,
  author =       "Christian Cachin",
  title =        "An information-theoric model for steganography",
  journal =      "Information and computation",
  volume =       "192",
  number =       "1",
  pages =        "41--56",
  year =         "2004"
} 

@Article{Stefan,
  author =       "Stefan Katzenbeisser, Fabien A. Peticolas",
  title =        "Information Hiding Techniques for Steganography and Digital Watermarking",
  journal = "Arthec House, Inc., Norwood, MA, USA, 1st edition",
  year =         "2000"
} 

@Article{CNN,
  author =       "J.F Couchot, R. Couturier, C. Guyeux, M. Salomon",
  title =        "Steganalysis via a CNN using Large Convolution Filters for Embedding Process with Same Stego Key",
  year =         "2016"
} 